
####### STUDIES ########
@article{asd-kb,
 doi = {10.1371/journal.pone.0068322},
 url = {http://dx.doi.org/10.1371/journal.pone.0068322},
 author = {Kang, D.W. and Park, J.G. and Ilhan, Z.E. and Wallstrom, G. and LaBaer, J. and Adams, J.B. and Krajmalnik-Brown, R.}, 
 year = {2013},
 title = {Reduced incidence of {Prevotella} and other fermenters in intestinal microflora of autistic children},
 journal = {{PloS} one},
 volume = {8},
 number = {7},
 pages = {e68322}
}
@article{asd-son,
  doi = {10.1371/journal.pone.0137725},
  url = {http://dx.doi.org/10.1371/journal.pone.0137725},
  year  = {2015},
  volume = {10},
  number = {10},
  pages = {e0137725},
  author = {Son, J. and Zheng, L.J. and Rowehl, L.M. and Tian, X. and Zhang, Y. and Zhu, W. and Litcher-Kelly, L. and Gadow, K.D. and Gathungu, G. and Robertson, C.E. and Ir, D. and Frank, D.N. and Li, E.},
  title = {Comparison of Fecal Microbiota in Children with Autism Spectrum Disorders and Neurotypical Siblings in the Simons Simplex Collection},
  journal = {{PLOS} {ONE}}
}
@article{cdi-schubert,
  doi = {10.1128/mbio.01021-14},
  url = {http://dx.doi.org/10.1128/mBio.01021-14},
  year  = {2014},
  volume = {5},
  number = {3},
  pages = {e01021--14--e01021--14},
  author = {Schubert, A.M. and Rogers, M.A. and Ring, C. and Mogle, J. and Petrosino, J.P. and Young, V.B. and  Aronoff, D.M. and Schloss, P.D.},
  title = {Microbiome Data Distinguish Patients with Clostridium difficile Infection and Non-C. difficile-Associated Diarrhea from Healthy Controls},
  journal = {{mBio}}
}
@article{cdi-vincent,
  doi = {10.1186/2049-2618-1-18},
  url = {http://dx.doi.org/10.1186/2049-2618-1-18},
  year  = {2013},
  publisher = {Springer Nature},
  volume = {1},
  number = {1},
  pages = {18},
  author = {Vincent, C. and Stephens, D.A. and Loo, V.G. and Edens, T.J. and Behr, M.A. and Dewar, K. and Manges, A.R.},
  title = {Reductions in intestinal Clostridiales precede the development of nosocomial Clostridium difficile infection},
  journal = {Microbiome}
}
@article{cdi-youngster,
  doi = {10.1093/cid/ciu135},
  url = {http://dx.doi.org/10.1093/cid/ciu135},
  year  = {2014},
  volume = {58},
  number = {11},
  pages = {1515--1522},
  author = {Youngster, I. and Sauk, J. and Pindar, C. and  Wilson, R.G. and Kaplan, J.L. and Smith, M.B. and Alm, E.J. and Gevers, D. and Russell, G.H. and Hohmann, E.L.},
  title = {Fecal Microbiota Transplant for Relapsing Clostridium difficile Infection Using a Frozen Inoculum From Unrelated Donors: A Randomized,  Open-Label,  Controlled Pilot Study},
  journal = {Clinical Infectious Diseases}
}
@article{crc-baxter,
  doi = {10.1186/s13073-016-0290-3},
  url = {http://dx.doi.org/10.1186/s13073-016-0290-3},
  year  = {2016},
  volume = {8},
  number = {1},
  author = {Baxter, N.T. and Ruffin, M.T. and Rogers, M.A. and Schloss, P.D.},
  title = {Microbiota-based model improves the sensitivity of fecal immunochemical test for detecting colonic lesions},
  journal = {Genome Medicine}
}
@article{crc-xiang,
  doi = {10.1371/journal.pone.0039743},
  url = {http://dx.doi.org/10.1371/journal.pone.0039743},
  year  = {2012},
  volume = {7},
  number = {6},
  pages = {e39743},
  author = {Chen, W. and Liu, F. and Ling, Z. and Tong, X. and Xiang, C.},
  editor = {Antonio Moschetta},
  title = {Human Intestinal Lumen and Mucosa-Associated Microbiota in Patients with Colorectal Cancer},
  journal = {{PLoS} {ONE}}
}
@article{crc-zackular,
  doi = {10.1158/1940-6207.capr-14-0129},
  url = {http://dx.doi.org/10.1158/1940-6207.CAPR-14-0129},
  year  = {2014},
  volume = {7},
  number = {11},
  pages = {1112--1121},
  author = {Zackular, J.P. and Rogers, M.A.M. and Ruffin, M.T. and Schloss, P.D.},
  title = {The Human Gut Microbiome as a Screening Tool for Colorectal Cancer},
  journal = {Cancer Prevention Research}
}
@article{crc-zeller,
 doi = {10.15252/msb.20145645},
  url = {http://dx.doi.org/10.15252/msb.20145645},
  year  = {2014},
  volume = {10},
  number = {11},
  pages = {766--766},
  author = {Zeller, G. and Tap, J. and Voigt, A.Y. and  Sunagawa, S. and Kultima, J.R. and Costea, P.I. and Amiot, A. and Bohm, J. and Brunetti, F. and Habermann, N. and Hercog, R. and Koch, M. and Luciani, A. and Mende, D.R. and Schneider, M.A. and Schrotz-King, P. and Tournigand, C. and Nhieu, J.T. and Yamada, T. and Zimmermann, J. and Benes, V. and Kloor, M. and Ulrich, C.M. and von Knebel Doeberitz, M. and Sobhani, I. and  Bork, P.},
  title = {Potential of fecal microbiota for early-stage detection of colorectal cancer},
  journal = {Molecular Systems Biology}
}
@article{crc-zhao,
  doi = {10.1038/ismej.2011.109},
  url = {http://dx.doi.org/10.1038/ismej.2011.109},
  year  = {2011},
  volume = {6},
  number = {2},
  pages = {320--329},
  author = {Wang, T. and Cai, G. and Qiu, Y. and Fei, N. and Zhang, M. and Pang, X. and Jia, W. and Cai, S. and Zhao, L.},
  title = {Structural segregation of gut microbiota between colorectal cancer patients and healthy volunteers},
  journal = {The {ISME} Journal}
}
@article{crc-zhu,
  doi = {10.1007/s00248-013-0245-9},
  url = {http://dx.doi.org/10.1007/s00248-013-0245-9},
  year  = {2013},
  volume = {66},
  number = {2},
  pages = {462--470},
  author = {Wu, N. and Yang, X. and Zhang, R. and Li, J. and Xiao, X. and Hu, Y. and Chen, Y. and Yang, F. and Lu, N. and Wang, Z. and Luan, C. and Liu, Y. and Wang, B. and Xiang, C. and Wang, Y. and Zhao, F. and Gao, G.F. and Wang, S. and Li, L. and Zhang, H. and Zhu, B.},
  title = {Dysbiosis Signature of Fecal Microbiota in Colorectal Cancer Patients},
  journal = {Microb Ecol}
}
@article{edd-singh,
  doi = {10.1186/s40168-015-0109-2},
  url = {http://dx.doi.org/10.1186/s40168-015-0109-2},
  year  = {2015},
  month = {sep},
  publisher = {Springer Science $\mathplus$ Business Media},
  volume = {3},
  number = {1},
  author = {Singh, P. and Teal, T.K. and Marsh, T.L. and Tiedje, J.M. and Mosci, R. and Jernigan, K. and Zell, A. and Newton, D.W. and Salimnia, H. and Lephart, P. and Sundin, D. and Khalife, W. and Britton, R.A. and Rudrik, J.T. and Manning, S.D.},
  title = {Intestinal microbial communities associated with acute enteric infections and disease recovery},
  journal = {Microbiome}
}
@article{hiv-dinh,
  doi = {10.1093/infdis/jiu409},
  url = {http://dx.doi.org/10.1093/infdis/jiu409},
  year  = {2014},
  volume = {211},
  number = {1},
  pages = {19--27},
  author = {Dinh, D.M. and Volpe, G.E. and Duffalo, C. and Bhalchandra, S. and Tai, A.K. and Kane, A.V. and Wanke, C.A. and Ward, H.D.},
  title = {Intestinal Microbiota,  Microbial Translocation,  and Systemic Inflammation in Chronic {HIV} Infection},
  journal = {Journal of Infectious Diseases}
}
@article{ibd-engstrand,
  doi = {10.1053/j.gastro.2010.08.049},
  url = {http://dx.doi.org/10.1053/j.gastro.2010.08.049},
  year  = {2010},
  month = {dec},
  publisher = {Elsevier {BV}},
  volume = {139},
  number = {6},
  pages = {1844--1854.e1},
  author = {Willing, B.P. and Dicksved, J. and Halfvarson, J. and Andersson, A.F. and Lucio, M. and Zheng, Z. and J"{a}rnerot, G. and Tysk, C. and Jansson, J.K. and Engstrand, L.},
  title = {A Pyrosequencing Study in Twins Shows That Gastrointestinal Microbial Profiles Vary With Inflammatory Bowel Disease Phenotypes},
  journal = {Gastroenterology}
}
@article{ibd-gevers,
  doi = {10.1016/j.chom.2014.02.005},
  url = {http://dx.doi.org/10.1016/j.chom.2014.02.005},
  year  = {2014},
  month = {mar},
  publisher = {Elsevier {BV}},
  volume = {15},
  number = {3},
  pages = {382--392},
  author = {Gevers, D. and Kugathasan, S. and Denson, L.A. and V{\'{a}}zquez-Baeza, Y. and Van~Treuren, W. and Ren, B. and Schwager, E. and Knights, D. and Song, S. and Yassour, M. and Morgan, X.C. and Kostic, A.D. and Luo, C. and Gonz{\'{a}}lez, A. and McDonald, D. and Haberman, Y. and Walters, T. and Baker, S. and Rosh, J. and Stephens, M. and Heyman, M. and Markowitz, J. and Baldassano, R. and Griffiths, A. and Sylvester, F. and Mack, D. and Kim, S. and Crandall, W. and Hyams, J. and Huttenhower, C. and Knight, R. and Xavier, R.},
  title = {The Treatment-Naive Microbiome in New-Onset Crohn's Disease},
  journal = {Cell Host {\&} Microbe}
}
@article{ibd-papa,
  doi = {10.1371/journal.pone.0039242},
  url = {http://dx.doi.org/10.1371/journal.pone.0039242},
  year  = {2012},
  volume = {7},
  number = {6},
  pages = {e39242},
  author = {Papa, E. and Docktor, M. and Smillie, C. and Weber, S. and Preheim, S.P. and Gevers, D. and Giannoukos, G. and Ciulla, D. and Tabbaa, D. and Ingram, J. and Schauer, D.B. and Ward, D.V. and Korzenik, J.R. and Xavier, R.J. and Bousvaros, A. and Alm, E.J.},
  title = {Non-Invasive Mapping of the Gastrointestinal Microbiota Identifies Children with Inflammatory Bowel Disease},
  journal = {{PLoS} {ONE}}
}
@article{ibd-hut,
  doi = {10.1186/gb-2012-13-9-r79},
  url = {http://dx.doi.org/10.1186/gb-2012-13-9-r79},
  year  = {2012},
  volume = {13},
  number = {9},
  pages = {R79},
  author = {Morgan, X.C. and Tickle, T.L. and Sokol, H. and Gevers, D. and Devaney, K.L. and Ward, D.V. and Reyes, J.A. and Shah, S.A. and LeLeiko, N. and Snapper, S.B. and Bousvaros, A. and Korzenik, J. and Sands, B.E. and Xavier, R.J. and Huttenhower, C.},
  title = {Dysfunction of the intestinal microbiome in inflammatory bowel disease and treatment},
  journal = {Genome Biol}
}
@article{mhe-zhang,
  doi = {10.1038/ajg.2013.221},
  url = {http://dx.doi.org/10.1038/ajg.2013.221},
  year  = {2013},
  month = {jul},
  publisher = {Nature Publishing Group},
  volume = {108},
  number = {10},
  pages = {1601--1611},
  author = {Zhang, Z. and Zhai, H. and Geng, J. and Yu, R. and Ren, H. and Fan, H. and Shi, P.},
  title = {Large-Scale Survey of Gut Microbiota Associated With {MHE} Via 16S {rRNA}-Based Pyrosequencing},
  journal = {Am J Gastroenterol}
}

@article{mets-stad,
  doi = {10.1371/journal.pone.0141399},
  url = {http://dx.doi.org/10.1371/journal.pone.0141399},
  year  = {2015},
  volume = {10},
  number = {10},
  pages = {e0141399},
  author = {Stadlbauer, V. and Leber, B. and Lemesch, S. and Trajanoski, S. and Bashir, M. and Horvath, A. and Tawdrous, M. and Stojakovic, T. and Fauler, G. and Fickert, P. and H\"{o}genauer, C. and Klymiuk, I. and Stiegler, P. and Lamprecht, M. and Pieber, T.R. and Tripolt, N.J. and Sourij, H},
  title = {Lactobacillus casei Shirota Supplementation Does Not Restore Gut Microbiota Composition and Gut Barrier in Metabolic Syndrome: A Randomized Pilot Study},
  journal = {{PLOS} {ONE}}
}
@article{nash-baker,
 doi = {10.1002/hep.26093},
 url = {http://dx.doi.org/10.1002/hep.26093},
 author = {Zhu, L. and Baker, S.S. and Gill, C. and Liu, W. and Alkhouri, R. and Baker, R.D. and Gill, S.R.},
 year = {2013},
 title = {Characterization of gut microbiomes in nonalcoholic steatohepatitis ({NASH}) patients: a connection between endogenous alcohol and {NASH}},
 journal = {Hepatology}, 
 volume = {57}, 
 number = {2},
 pages = {601--609}
}
@article{nash-chan,
  doi = {10.1371/journal.pone.0062885},
  url = {http://dx.doi.org/10.1371/journal.pone.0062885},
  year  = {2013},
  month = {apr},
  volume = {8},
  number = {4},
  pages = {e62885},
  author = {Wong, V.W. and Tse, C. and Lam, T.T. and Wong, G.L. and Chim, A.M. and Chu, W.C. and Yeung, D.K. and Law, P.T. and Kwan, H. and Yu, J. and Sung, J.J. and Chan, H.L.},
  title = {Molecular Characterization of the Fecal Microbiota in Patients with Nonalcoholic Steatohepatitis {\textendash} A Longitudinal Study},
  journal = {{PLoS} {ONE}}
}
@article{ob-escobar,
  title={The gut microbiota of Colombians differs from that of Americans, Europeans and Asians},
  author={Escobar, J.S. and Klotz, B. and Valdes, B.E. and Agudelo, G.M.},
  journal={BMC microbiology},
  volume={14},
  number={1},
  pages={1},
  year={2014},
  publisher={BioMed Central},
  doi = {10.1186/s12866-014-0311-6},
  url = {http://dx.doi.org/10.1186/s12866-014-0311-6}
}
@article{ob-goodrich,
  doi = {10.1016/j.cell.2014.09.053},
  url = {http://dx.doi.org/10.1016/j.cell.2014.09.053},
  year  = {2014},
  month = {nov},
  publisher = {Elsevier {BV}},
  volume = {159},
  number = {4},
  pages = {789--799},
  author = {Goodrich, J.K. and Waters, J.L. and Poole, A.C. and Sutter, J.L. and Koren, O. and Blekhman, R. and Beaumont, M. and Van~Treuren, W. and Knight, R. and Bell, J.T. and Spector, T.D. and Clark, A.G. and Ley, R.E.},
  title = {Human Genetics Shape the Gut Microbiome},
  journal = {Cell}
}
@article{ob-gordon,
  doi = {10.1038/nature07540},
  url = {http://dx.doi.org/10.1038/nature07540},
  year  = {2008},
  volume = {457},
  number = {7228},
  pages = {480--484},
  author = {Turnbaugh, P.J. and Hamady, M. and Yatsunenko, T. and Cantarel, B.L. and Duncan, A. and Ley, R.E. and Sogin, M.L. and Jones, W.J. and Roe, B.A. and Affourtit, J.P. and Egholm, M. and Henrissat, B. and Heath, A.C. and Knight, R. and Gordon, J.I.},
  title = {A core gut microbiome in obese and lean twins},
  journal = {Nature}
}
@article{ob-ross,
  doi = {10.1186/s40168-015-0072-y},
  url = {http://dx.doi.org/10.1186/s40168-015-0072-y},
  year  = {2015},
  volume = {3},
  number = {1},
  pages = {7},
  author = {Ross, M.C. and Muzny, D.M. and McCormick, J.B. and Gibbs, R.A. and Fisher-Hoch, S.P. and Petrosino, J.F.},
  title = {16S gut community of the Cameron County Hispanic Cohort},
  journal = {Microbiome}
}
@article{ob-zupancic,
 doi = {10.1371/journal.pone.0043052},
 url = {http://dx.doi.org/10.1371/journal.pone.0043052},
 title={Analysis of the gut microbiota in the old order {Amish} and its relation to the metabolic syndrome},
 author={Zupancic, M.L. and Cantarel, B.L. and Liu, Z. and Drabek, E.F. and Ryan, K.A. and Cirimotich, S. and Jones, C. and Knight, R. and Walters, W.A. and Knights, D. and Mongodin, E.F. and Horenstein, R.B. and Mitchell, B.D. and Steinle, N. and Snitker, S. and Shuldiner, A.R. and Fraser, C.M.},
 journal={{PloS} one},
 volume={7},
 number={8},
 pages={e43052},
 year={2012},
}
@article{par-schep,
  doi = {10.1002/mds.26069},
  url = {http://dx.doi.org/10.1002/mds.26069},
  year  = {2014},
  month = {dec},
  publisher = {Wiley-Blackwell},
  volume = {30},
  number = {3},
  pages = {350--358},
  author = {Scheperjans, F. and Aho, V. and Pereira, P.A.B. and Koskinen, K. and Paulin, L. and Pekkonen, E. and Haapaniemi , E. and Kaakkola, S. and Eerola-Rautio, J. and Pohja, P. and Kinnunen, E. and Murros, K. and Auvinen, P.},
  title = {Gut microbiota are related to Parkinson's disease and clinical phenotype},
  journal = {Movement Disorders}
}
@article{ra-littman,
  doi = {10.7554/elife.01202},
  url = {http://dx.doi.org/10.7554/eLife.01202},
  year  = {2013},
  volume = {2},
  author = {Scher, J.U. and Sczesnak, A. and Longman, R.S. and Segata, N. and Ubeda, C. and Bielski, C. and Rostron, T. and Cerundolo, V. and Pamer, E.G. and Abramson, S.B. and Huttenhower, C. and Littman, D.R.},
  title = { Expansion of intestinal Prevotella copri correlates with enhanced susceptibility to arthritis },
  journal = {{eLife}}
}
@article{t1d-mejia,
  doi = {10.1038/srep03814},
  url = {http://dx.doi.org/10.1038/srep03814},
  year  = {2014},
  volume = {4},
  author = {Mej{\'{\i}}a-Le{\'{o}}n, M.E. and Petrosino, J.F. and Ajami, N.J. and Dom{\'{\i}}nguez-Bello, M.G. and de la Barca, A.M.C.},
  title = {Fecal microbiota imbalance in Mexican children with type 1 diabetes},
  journal = {Sci. Rep.}
}
@article{t1d-alkanani,
  doi = {10.2337/db14-1847},
  url = {http://dx.doi.org/10.2337/db14-1847},
  year  = {2015},
  volume = {64},
  number = {10},
  pages = {3510--3520},
  author = {Alkanani, A.K. and Hara, N. and Gottlieb, P.A. and Ir, D. and Robertson, C.E. and Wagner, B.D. and Frank, D.N. and Zipris, D.},
  title = {Alterations in Intestinal Microbiota Correlate With Susceptibility to Type 1 Diabetes},
  journal = {Diabetes}
}